@Article{Prochnik:07,
  author =      {Prochnik, S E and Rokhsar, D S and Aboobaker, A A},
  title =       {Evidence for a {microRNA} expansion in the bilaterian
                 ancestor},
  journal =     {Dev Genes Evol.},
  year =        {2007},
  volume =      {217},
  pages =       {73-77},
}

@Article{Lu:08,
  journal =      {Nat Genet.},
  year =         {2008},
  volume =       {40},
  pages =        {351-355},
  title =        {The birth and death of {microRNA} genes in \emph{Drosophila}},
  author =       {Lu, J and Shen, Y and Wu, Q and Kumar, S and He, B and
                  Shi, S and Carthew, R W and Wang, S M and Wu, C I},
}


@Article{Liang:09,
  author =       {Liang, H and Li, {W-H.}},
  year =         {2009},
  title =        {Lowly expressed human microRNA genes evolve rapidly},
  journal =      {Mol Biol Evol},
  volume =       {26},
  pages =        {1195-1198},
}

@Article{Meunier:12,
  author =       {Meunier, J and Lemoine, F and Soumillon, M and Liechti, A
                  and Weier, M and Guschanski, K and Hu, H and Khaitovich, P
                  and Kaessmann, H},
  year =         {2012},
  title =        {Birth and expression evolution of mammalian microRNA genes},
  journal =      {Genome Res},
  volume =       {23},
  pages =        {34-45},
}


@Article{Ameres:13,
  author =      {Ameres, Stefan L. and  Zamore, Phillip D.},
  title =       {Diversifying {microRNA} sequence and function},
  journal =     {Nature Rev. Mol. Cell Biol.},
  volume =      {14},
  pages =       {475-488},
  year =        {2013},
}

@Article{Cerutti:06,
  author =      {Cerutti, H and Casas-Mollano, J A},
  title =       {On the origin and functions of {RNA}-mediated silencing:
                 from protists to man},
  journal =     {Curr Genet},
  year =        {2006},
  volume =      {50},
  pages =       {81-99},
}

@Article{Shabalina:08,
  title =       {Origins and evolution of eukaryotic {RNA} interference},
  author =      {Shabalina, S A and Koonin, E V},
  journal =     {Trends Ecol Evol.},
  volume =      {23},
  year =        {2008},
  pages =       {578-587},
}

@Article{Bentwich:05,
  author =       {Bentwich, Isaac and Avniel, Amir Avniel and Karov, Yael
                  and Aharonov, Ranit and Gilad, Shlomit and Barad, Omer
                  and Barzilai, Adi and Einat, Paz and Einav, Uri and Meiri,
                  Eti and Sharon, Eilon and Spector, Yael and Bentwich, Zvi},
  title =        {Identification of hundreds of conserved and nonconserved
                  human {microRNA}s},
  journal =      {Nat.\ Genet.},
  year =         {2005},
  volume =       {37},
  pages =        {766-770}
}

@Article{Berezikov:06,
  journal =      {Nat Genet.},
  year =         {2006},
  volume =       {38},
  pages =        {1375-1377},
  title =        {Diversity of {microRNAs} in human and chimpanzee brain},
  author =       {Berezikov, E and Thuemmler, F and van Laake, L W and
                  Kondova, I and Bontrop, R and Cuppen, E and Plasterk, R H},
}

@InCollection{Tanzer:10a,
  author =       {Tanzer, Andrea and Riester, Markus and Hertel, Jana and
                  Bermudez-Santana, Clara Isabel and Gorodkin, Jan and
                  Hofacker, Ivo L. and Stadler, Peter F.},
  title =        {Evolutionary Genomics of Micro{RNA}s and Their Relatives},
  booktitle =    {Evolutionary Genomics and Systems Biology},
  editor =       {Caetano-Anolles, Gustavo},
  publisher =    {Wiley-Blackwell},
  address =      {Hoboken, NJ},
  pages =        {295-327}, 
  year =         {2010},
} 

@Article{Price:11,
  title =      {Neutral evolution of robustness in Drosophila {microRNA}
                precursors},
  author =     {Price, N and Cartwright, R A and Sabath, N and Graur, D and
                Azevedo, R B},
  journal =    {Mol Biol Evol},
  year =       {2011},
  volume =     {28},
  pages =      {2115-2123},
}

@Article{Tanzer:04a,
  author =       {Tanzer, Andrea  and Stadler, Peter F.},
  title =        {Molecular Evolution of a Micro{RNA} Cluster},
  journal =      {J.\ Mol.\ Biol.},
  pages =        {327-335},
  volume =       {339},
  year =         {2004},
}


@Article{CampoPaysaa:11,
  journal =      {Evol Dev},
  year =         {2011},
  volume =       {13},
  pages =        {15-27},
  title =        {Micro{RNA} complements in deuterostomes: origin and
                  evolution of {microRNAs}},
  author =       {Campo-Paysaa, F and S{\'e}mon, M and Cameron, R A and
                  Peterson, K J and Schubert, M},
}

@Article{Lee:07a,
  author =      {Lee, C T and Risom, T and Strauss, W M},
  title =       {Evolutionary conservation of {microRNA} regulatory circuits:
                 an examination of microRNA gene complexity and conserved
                 micro{RNA}-target interactions through metazoan phylogeny},
  journal =     {DNA Cell Biol.},
  volume =      {26},
  year =        {2007},
  pages =       {209-218},
}

@Article{Hertel:12a,
  author =       {Hertel, Jana and Bartschat, Sebastian and  Wintsche, Axel
                  and Otto, Christian and
                  {The Students of the Bioinformatics Computer Lab 2011}
                  and Stadler, Peter F.},
  title =        {Evolution of the let-7 {microRNA} Family},
  journal =      {RNA Biology},
  volume =       {9},
  pages =        {231-241},
  year =         {2012},
}

@Article{Peterson:09,
  author =       {Peterson, Kevin J. and Dietrich, Michael R. and McPeek,
                  Mark A.},
  title =        {{MicroRNAs} and metazoan macroevolution:
                  insights into canalization, complexity, and the
                  {C}ambrian explosion},
  journal =      {Bioessays},
  volume =       {31},
  pages =        {736-747},
  year =         {2009},
}

@Article{Fu:08,
  author =       {Fu, Xianghui and Adamski, Marcin and Thompson, Eric
                  M.},
  title =        {Altered {miRNA} Repertoire in the Simplified
                  Chordate, \emph{Oikopleura dioica}},
  journal =      {Mol.\ Biol.\ Evol.},
  year =         2008,
  volume =       25,
  pages =        {1067-1080}
}

@Article{Marco:13,
  author =       {Marco, A. and Ninova, M. and Ronshaugen, M.  and
                  Griffiths-Jones, S.},
  year =         {2013},
  title =        {Clusters of {microRNAs} emerge by new hairpins in
                  existing transcripts},
  journal =      {Nucleic Acids Res},
  volume =       {41},
  pages =        {7745-7752},
}


@Article{Niwa:07,
  author =      {Niwa, R and Slack, F J.},
  title =       {The evolution of animal {microRNA} function},
  journal =     {Curr Opin Genet Dev.},
  year =        {2007},
  volume =      {17},
  pages =       {145-150},
}

@Article{Berezikov:11,
  journal =     {Nat Rev Genet.},
  year =        {2011},
  volume =      {12},
  pages =       {846-860},
  title =       {Evolution of {microRNA} diversity and regulation in animals},
  author =      {Berezikov, E},
}

@Article{Dai:09,
  author =       {Dai, Z and Chen, Z and Ye, H and Zhou, L and Cao, L and
                  Wang, Y and Peng, S and Chen, L},
  journal =      {Evol Dev.},
  year =         {2009},
  volume =       {11},
  pages =        {41-49},
  title =        {Characterization of {microRNAs} in cephalochordates
                  reveals a correlation between {microRNA} repertoire
                  homology and morphological similarity in chordate evolution},
}
